<collection xmlns="http://www.loc.gov/MARC21/slim"><record><leader>00707nam  2200217   450</leader><controlfield tag="001">679</controlfield><controlfield tag="003">http://montalegre.opacnet.com/OPAC/default.aspx?ContentAreaControl=ShowRegHoldings.ascx&amp;RegNo=16662</controlfield><datafield tag="021" ind1=" " ind2=" "><subfield code="a">PT</subfield><subfield code="b">21733/88</subfield></datafield><datafield tag="095" ind1=" " ind2=" "><subfield code="a">PTBN00128811</subfield></datafield><datafield tag="100" ind1=" " ind2=" "><subfield code="a">19880719d1988    em y0pora0103    ba</subfield></datafield><datafield tag="101" ind1="0" ind2=" "><subfield code="a">por</subfield></datafield><datafield tag="102" ind1=" " ind2=" "><subfield code="a">PT</subfield></datafield><datafield tag="200" ind1="1" ind2=" "><subfield code="a">Certo dia no deserto</subfield><subfield code="f">Carlos Pinhõo</subfield><subfield code="g">il. Mimi</subfield></datafield><datafield tag="210" ind1=" " ind2=" "><subfield code="a">Lisboa</subfield><subfield code="c">Horizonte</subfield><subfield code="d">cop. 1988</subfield></datafield><datafield tag="215" ind1=" " ind2=" "><subfield code="a">29, [3] p.</subfield><subfield code="c">il.</subfield><subfield code="d">23 cm</subfield></datafield><datafield tag="225" ind1="2" ind2=" "><subfield code="a">Pássaro livre</subfield><subfield code="v">61</subfield></datafield><datafield tag="675" ind1=" " ind2=" "><subfield code="a">087.5</subfield><subfield code="v">BN</subfield><subfield code="z">por</subfield><subfield code="v">BN</subfield><subfield code="z">por</subfield><subfield code="3">287999</subfield></datafield><datafield tag="700" ind1=" " ind2="1"><subfield code="a">Pinhão</subfield><subfield code="b">Carlos</subfield><subfield code="f">1924-1993</subfield><subfield code="3">30591</subfield></datafield><datafield tag="702" ind1=" " ind2="0"><subfield code="a">Mimi</subfield><subfield code="4">440</subfield><subfield code="3">342102</subfield></datafield><datafield tag="801" ind1=" " ind2="0"><subfield code="a">PT</subfield><subfield code="b">Biblioteca Municipal de Montalegre</subfield><subfield code="g">RPC</subfield></datafield><datafield tag="856" ind1=" " ind2=" "><subfield code="u">locateMedia.asp?cod=20060524150845&amp;ext=jpg</subfield><subfield code="z">CAPA</subfield></datafield><datafield tag="909" ind1="&#9;" ind2=" "><subfield code="a">1</subfield></datafield><datafield tag="966" ind1=" " ind2=" "><subfield code="a">0001800</subfield><subfield code="l">BMM</subfield><subfield code="s">SI 82-93 PIN cer 61</subfield></datafield></record></collection>